@phdthesis{kipper-schuler-2005-verbnet,
    author={Karin {Kipper Schuler}},
    year=2005,
    title={VerbNet: A broad-coverage, comprehensive verb lexcicon},
    school={University of Pennsylvania}
}

@inproceedings{basile-2020-end,
    author={Valerio Basile},
    year=2020,
    title={It's the end of the gold standard as we know it},
    booktitle={International Conference of the Italian Association for Artificial Intelligence},
    publisher={Springer}
}
